<record><leader>00000cas a2200000 a 4500</leader><controlfield tag="001">26041993</controlfield><controlfield tag="008">920618d188u1891iluwr ne      0   a0eng c</controlfield><datafield ind1=" " ind2=" " tag="010"><subfield code="a">sn 92054603 </subfield></datafield><datafield ind1=" " ind2=" " tag="040"><subfield code="a">NVF</subfield><subfield code="b">eng</subfield><subfield code="c">NVF</subfield><subfield code="d">NVF</subfield><subfield code="d">OCLCF</subfield><subfield code="d">OCLCO</subfield><subfield code="d">NVF</subfield></datafield><datafield ind1=" " ind2=" " tag="042"><subfield code="a">pcc</subfield></datafield><datafield ind1=" " ind2=" " tag="043"><subfield code="a">n-us-il</subfield></datafield><datafield ind1="0" ind2=" " tag="130"><subfield code="a">Quincy weekly herald (Quincy, Ill. : 1888)</subfield></datafield><datafield ind1="1" ind2="4" tag="245"><subfield code="a">The Quincy weekly herald.</subfield></datafield><datafield ind1=" " ind2=" " tag="260"><subfield code="a">Quincy, Ill. :</subfield><subfield code="b">Doying, Hinricksen &amp; Case</subfield></datafield><datafield ind1="3" ind2=" " tag="260"><subfield code="3">July 4, 1890-&lt;May 29, 1891&gt;</subfield><subfield code="a">Quincy, Ill. :</subfield><subfield code="b">Quincy Herald Co.</subfield></datafield><datafield ind1=" " ind2=" " tag="300"><subfield code="a">v.</subfield></datafield><datafield ind1=" " ind2=" " tag="310"><subfield code="a">Weekly</subfield></datafield><datafield ind1="1" ind2=" " tag="362"><subfield code="a">Ceased in 1891.</subfield></datafield><datafield ind1=" " ind2=" " tag="580"><subfield code="a">Daily eds.: Quincy daily herald (Quincy, Ill. : 1881), &lt;1888&gt;-1890, and: Quincy herald (Quincy, Ill. : 1890), 1890-&lt;1891&gt;.</subfield></datafield><datafield ind1=" " ind2=" " tag="588"><subfield code="a">Description based on: Apr. 13, 1888.</subfield></datafield><datafield ind1=" " ind2=" " tag="588"><subfield code="a">Latest issue consulted: May 29, 1891.</subfield></datafield><datafield ind1=" " ind2="0" tag="651"><subfield code="a">Quincy (Ill.)</subfield><subfield code="v">Newspapers.</subfield></datafield><datafield ind1=" " ind2="7" tag="651"><subfield code="a">Illinois</subfield><subfield code="z">Quincy.</subfield><subfield code="2">fast</subfield><subfield code="0">(OCoLC)fst01212078</subfield></datafield><datafield ind1=" " ind2="7" tag="655"><subfield code="a">Newspapers.</subfield><subfield code="2">fast</subfield><subfield code="0">(OCoLC)fst01423814</subfield></datafield><datafield ind1=" " ind2=" " tag="752"><subfield code="a">United States</subfield><subfield code="b">Illinois</subfield><subfield code="c">Adams County</subfield><subfield code="d">Quincy.</subfield></datafield><datafield ind1="1" ind2=" " tag="775"><subfield code="t">Quincy daily herald (Quincy, Ill. : 1881)</subfield><subfield code="w">(DLC)sn 84024081</subfield><subfield code="w">(OCoLC)10478630</subfield></datafield><datafield ind1="1" ind2=" " tag="775"><subfield code="t">Quincy herald (Quincy, Ill. : 1890)</subfield><subfield code="w">(DLC)sn 92054609</subfield><subfield code="w">(OCoLC)26042529</subfield></datafield><datafield ind1="0" ind2="0" tag="780"><subfield code="t">Weekly herald (Quincy, Ill. : 1887)</subfield><subfield code="w">(DLC)sn 92054602</subfield><subfield code="w">(OCoLC)26041923</subfield></datafield><datafield ind1="0" ind2="0" tag="785"><subfield code="t">Weekly herald (Quincy, Ill. : 1891)</subfield><subfield code="w">(DLC)sn 92054604</subfield><subfield code="w">(OCoLC)26042061</subfield></datafield><datafield ind1="1" ind2=" " tag="029"><subfield code="a">AU@</subfield><subfield code="b">000020751673</subfield></datafield></record>